

@online{OpenStack Yoga,
    author = "Server World",
    title = "OpenStack Yoga : Overview",
    url  = "https://www.server-world.info/en/note?os=CentOS_Stream_8&p=openstack_yoga&f=1",
    addendum = "(accessed: 01.09.2016)",
    keywords = "latex,knuth"
}
@online{knuthwebsite,
    author = "Donald Knuth",
    title = "Knuth: Computers and Typesetting",
    url  = "http://www-cs-faculty.stanford.edu/~uno/abcde.html",
    addendum = "(accessed: 01.09.2016)",
    keywords = "latex,knuth"
}
@online{knuthwebsite,
    author = "Donald Knuth",
    title = "Knuth: Computers and Typesetting",
    url  = "http://www-cs-faculty.stanford.edu/~uno/abcde.html",
    addendum = "(accessed: 01.09.2016)",
    keywords = "latex,knuth"
}

